@techreport{hamilton2014hidden,
  title={Hidden Highways: Fog and Traffic Crashes on Americaâ€™s Roads},
  author={Hamilton, Bruce and Tefft, Brian and Arnold, Lindsay and Grabowski, Jurek},
  year={2014},
  month={11},
  institution={AAA Foundation for Traffic Safety}
}



  